@manual{sample,
  author = {TU Dortmund},
  title = {Versuch 601, Der Franck-Hertz-Versuch},
  year = 2016,
  month = 05,
  address = {http://129.217.224.2/HOMEPAGE/PHYSIKER/BACHELOR/AP/SKRIPT/V601.pdf},
}
