@manual{pra,
  author = {TU Dortmund},
  title = {Versuch 504, Thermische Elektronenmission},
  year = 2016,
  address = {http://129.217.224.2/HOMEPAGE/PHYSIKER/BACHELOR/AP/SKRIPT/V504.pdf},
}
