@manual{sample,
  author = {TU Dortmund},
  title = {Versuch 311, Der Hall-Effekt und Elektrizit√§tsleitung bei Metallen},
  year = 2016,
  month = 06,
  address = {http://129.217.224.2/HOMEPAGE/PHYSIKER/BACHELOR/AP/SKRIPT/V311.pdf},
}
