@manual{sample,
  author = {TU Dortmund},
  title = {V302: Br√ºckenschaltung},
  year = 2014
}
