@manual{sample,
  author = {TU Dortmund},
  title = {Versuch zum Literaturverzeichnis},
  year = 2014,
  address = {Link einfügen},
}

@manual{Literatur,
  author = { },
  title = {Horizontale Erdmagnetfeldkomponente für Dortmund},
  year = 2016,
  address = {http://www-app1.gfz-potsdam.de/cgi-bin/igrf.pl}
}
