@manual{sample,
  author = {TU Dortmund},
  title = {Versuch 704, Absorbtion von $\gamma$- und $\beta$-Strahlung},
  year = 2016,
  month = 05,
  address = {http://129.217.224.2/HOMEPAGE/PHYSIKER/BACHELOR/AP/SKRIPT/V704.pdf},
}
