@manual{sample,
  author = {TU Dortmund},
  title = {Versuch 355: Gekoppelte Schwingkreise},
  year = 2014,
  addresse = {http://129.217.224.2/HOMEPAGE/PHYSIKER/BACHELOR/AP/SKRIPT/V355.pdf},
}
