@manual{V501,
  author = {TU Dortmund},
  title = {Versuch 501},
  year = 2016,
  address = {http://129.217.224.2/HOMEPAGE/PHYSIKER/BACHELOR/AP/SKRIPT/V501.pdf},
}

@manual{V502,
  author = {TU Dortmund},
  title = {Versuch 502},
  year = 2016,
  address = {http://129.217.224.2/HOMEPAGE/PHYSIKER/BACHELOR/AP/SKRIPT/V502.pdf},
}
